<?xml version="1.0" encoding="UTF-8"?><collection xmlns="http://www.loc.gov/MARC21/slim"><record><leader>00406nam--2200145-i-4500</leader><controlfield tag="001">000003873</controlfield><controlfield tag="002">20161230</controlfield><controlfield tag="005">20170210210023</controlfield><controlfield tag="008">060222s1000------------r-----000-0-eng-d</controlfield><datafield ind1=" " ind2=" " tag="100"><subfield code="a">Cudriavtev, I. V</subfield></datafield><datafield ind1=" " ind2=" " tag="245"><subfield code="a">Folosirea curentilor de inalta frecventa pentru tratamentul termic al metalelor</subfield></datafield><datafield ind1=" " ind2=" " tag="260"><subfield code="a">Bucuresti</subfield><subfield code="b">Editura Tehnica</subfield><subfield code="c">1951</subfield></datafield><datafield ind1=" " ind2=" " tag="300"><subfield code="a">52 p</subfield></datafield><datafield ind1=" " ind2=" " tag="852"><subfield code="a">621</subfield></datafield><datafield ind1=" " ind2=" " tag="CAT"><subfield code="a">SYS</subfield><subfield code="c">20170210</subfield><subfield code="h">210023</subfield></datafield></record></collection>